@article{derquenne,
    author  = "Christian Derquenne",
    title   = "Une methode de segmentation pour le traitement de série temporelles",
    year    = "2010",
    publisher = "INRIA",
}

@article{petitjean,
    author  = "François Petitjean",
    title   = "Faster and More Accurate Classification of Time Series by Exploiting a Novel Dynamic Time Warping Averaging Algorithm",
    year    = "2016",
    publisher = "Faculty of IT, Monash University, Melbourne, Australia",
}

@article{goncharov,
    author  = "A. V. Goncharov",
    title   = "Metric time series classification using weighted dynamic warping relative to centroids of classes",
    year    = "2016",
    publisher = "Moscow Institute of Physics and Technology, Moscow",
}